@BOOK{konishi_kitagawa200409,
title={情報量規準 (シリーズ・予測と発見の科学)},
author={小西 貞則 and 北川 源四郎},
publisher={朝倉書店},
year={2004},
month={9},
isbn={9784254127829},
url={http://amazon.co.jp/o/ASIN/4254127820/},
price={￥ 3,780},
totalpages={194},
timestamp={2015.07.05},
}

@BOOK{Bishop201002,
title={Pattern Recognition and Machine Learning (Information Science and Statistics)},
author={Christopher Bishop},
publisher={Springer},
year={2010},
month={2},
edition={1st ed. 2006. Corr. 2nd printing 2011},
isbn={9780387310732},
url={http://amazon.co.jp/o/ASIN/0387310738/},
price={￥ 10,699},
totalpages={740},
timestamp={2015.07.05},
}
